@Manual{R-ape,
  title = {ape: Analyses of Phylogenetics and Evolution},
  author = {Emmanuel Paradis and Simon Blomberg and Ben Bolker and Joseph Brown and Santiago Claramunt and Julien Claude and Hoa Sien Cuong and Richard Desper and Gilles Didier and Benoit Durand and Julien Dutheil and RJ Ewing and Olivier Gascuel and Thomas Guillerme and Christoph Heibl and Anthony Ives and Bradley Jones and Franz Krah and Daniel Lawson and Vincent Lefort and Pierre Legendre and Jim Lemon and Guillaume Louvel and Eric Marcon and Rosemary McCloskey and Johan Nylander and Rainer Opgen-Rhein and Andrei-Alin Popescu and Manuela Royer-Carenzi and Klaus Schliep and Korbinian Strimmer and Damien {de Vienne}},
  year = {2023},
  note = {R package version 5.7-1.6},
  url = {http://ape-package.ird.fr/},
}

@Manual{R-base,
  title = {R: A Language and Environment for Statistical Computing},
  author = {{R Core Team}},
  organization = {R Foundation for Statistical Computing},
  address = {Vienna, Austria},
  year = {2023},
  url = {https://www.R-project.org/},
}

@Manual{R-bookdown,
  title = {bookdown: Authoring Books and Technical Documents with R Markdown},
  author = {Yihui Xie},
  year = {2023},
  note = {R package version 0.36, 
https://pkgs.rstudio.com/bookdown/},
  url = {https://github.com/rstudio/bookdown},
}


@Manual{R-devtools,
  title = {devtools: Tools to Make Developing R Packages Easier},
  author = {Hadley Wickham and Jim Hester and Winston Chang and Jennifer Bryan},
  year = {2022},
  note = {R package version 2.4.5},
  url = {https://devtools.r-lib.org/},
}

@Manual{R-dispRity,
  title = {dispRity: Measuring Disparity},
  author = {Thomas Guillerme and Mark Puttick and Jack Hadfield},
  year = {2023},
  note = {R package version 1.8},
  url = {https://github.com/TGuillerme/dispRity},
}

@Manual{R-ellipse,
  title = {ellipse: Functions for Drawing Ellipses and Ellipse-Like Confidence
Regions},
  author = {Duncan Murdoch and E. D. Chow},
  year = {2023},
  note = {R package version 0.5.0, 
https://dmurdoch.github.io/ellipse/},
  url = {https://github.com/dmurdoch/ellipse},
}


@Manual{R-geomorph,
  title = {geomorph: Geometric Morphometric Analyses of 2D and 3D Landmark Data},
  author = {Dean Adams and Michael Collyer and Antigoni Kaliontzopoulou and Erica Baken},
  year = {2023},
  note = {R package version 4.0.6},
  url = {https://github.com/geomorphR/geomorph},
}


@Manual{R-knitr,
  title = {knitr: A General-Purpose Package for Dynamic Report Generation in R},
  author = {Yihui Xie},
  year = {2023},
  note = {R package version 1.45},
  url = {https://yihui.org/knitr/},
}


@Manual{R-Matrix,
  title = {Matrix: Sparse and Dense Matrix Classes and Methods},
  author = {Douglas Bates and Martin Maechler and Mikael Jagan},
  year = {2023},
  note = {R package version 1.6-3},
  url = {https://Matrix.R-forge.R-project.org},
}

@Manual{R-microbenchmark,
  title = {microbenchmark: Accurate Timing Functions},
  author = {Olaf Mersmann},
  year = {2023},
  note = {R package version 1.4.10},
  url = {https://github.com/joshuaulrich/microbenchmark/},
}

@Manual{R-phytools,
  title = {phytools: Phylogenetic Tools for Comparative Biology (and Other Things)},
  author = {Liam J. Revell},
  year = {2023},
  note = {R package version 2.0-3},
  url = {https://github.com/liamrevell/phytools},
}

@Manual{R-rgl,
  title = {rgl: 3D Visualization Using OpenGL},
  author = {Daniel Adler and Duncan Murdoch},
  year = {2023},
  note = {R package version 1.2.1},
  url = {https://github.com/dmurdoch/rgl},
}

@Manual{R-rmarkdown,
  title = {rmarkdown: Dynamic Documents for R},
  author = {JJ Allaire and Yihui Xie and Christophe Dervieux and Jonathan McPherson and Javier Luraschi and Kevin Ushey and Aron Atkins and Hadley Wickham and Joe Cheng and Winston Chang and Richard Iannone},
  year = {2023},
  note = {R package version 2.25, 
https://pkgs.rstudio.com/rmarkdown/},
  url = {https://github.com/rstudio/rmarkdown},
}

@Manual{R-RRPP,
  title = {RRPP: Linear Model Evaluation with Randomized Residuals in a
Permutation Procedure},
  author = {Michael Collyer and Dean Adams},
  year = {2023},
  note = {R package version 1.4.0},
  url = {https://github.com/mlcollyer/RRPP},
}



@Manual{R-testthat,
  title = {testthat: Unit Testing for R},
  author = {Hadley Wickham},
  year = {2023},
  note = {R package version 3.2.0},
  url = {https://testthat.r-lib.org},
}

@Manual{R-usethis,
  title = {usethis: Automate Package and Project Setup},
  author = {Hadley Wickham and Jennifer Bryan and Malcolm Barrett and Andy Teucher},
  year = {2023},
  note = {R package version 2.2.0},
  url = {https://usethis.r-lib.org},
}


@Article{ape2019,
  title = {ape 5.0: an environment for modern phylogenetics and evolutionary analyses in {R}},
  author = {Emmanuel Paradis and Klaus Schliep},
  journal = {Bioinformatics},
  year = {2019},
  volume = {35},
  pages = {526-528},
  doi = {10.1093/bioinformatics/bty633},
}

@Book{bookdown2016,
  title = {bookdown: Authoring Books and Technical Documents with {R} Markdown},
  author = {Yihui Xie},
  publisher = {Chapman and Hall/CRC},
  address = {Boca Raton, Florida},
  year = {2016},
  isbn = {978-1138700109},
  url = {https://bookdown.org/yihui/bookdown},
}

@Article{Claddis2016,
  title = {Estimating morphological diversity and tempo with discrete character-taxon matrices: implementation, challenges, progress, and future directions. Biological Journal of the Linnean Society},
  author = {G. T. Lloyd},
  journal = {Biological Journal of the Linnean Society},
  year = {2016},
  volume = {118},
  pages = {131-151.},
}

@Article{dispRity2018a,
  title = {dispRity: A modular R package for measuring disparity},
  author = {Thomas Guillerme},
  journal = {Methods in Ecology and Evolution},
  year = {2018},
  volume = {9},
  number = {7},
  pages = {1755-1763},
}

@Article{dispRity2018b,
  title = {dispRity manual},
  author = {Thomas Guillerme and Natalie Cooper},
  journal = {figshare},
  year = {2018},
  volume = {preprint},
  doi = {10.6084/m9.figshare.6187337.v1},
}

@Article{dispRity2018c,
  title = {Time for a rethink: time sub-sampling methods in disparity-through-time analyses},
  author = {Thomas Guillerme and Natalie Cooper},
  journal = {Paleontology},
  year = {2018},
  volume = {61},
  number = {4},
  pages = {481-493},
}

@Article{dispRity2020a,
  title = {Shifting spaces: Which disparity or dissimilarity measurement best summarize occupancy in multidimensional spaces?},
  author = {Thomas Guillerme and Mark N Puttick and Ariel E Marcy and Vera Weisbecker},
  journal = {Ecology and Evolution},
  year = {2020},
  volume = {10},
  number = {14},
  pages = {7261-7275},
}

@Article{geiger2009,
  title = {Nine exceptional radiations plus high turnover explain species diversity in jawed vertebrates},
  author = {M. E. Alfaro and F. Santini and C. Brock and H. Alamillo and A. Dornburg and D. L. Rabosky and G. Carnevale and L. J. Harmon},
  journal = {PNAS},
  year = {2009},
  volume = {106},
  pages = {13410-13414},
  doi = {10.1073/pnas.0811087106},
}

@Article{geiger2011,
  title = {A novel comparative method for identifying shifts in the rate of character evolution on trees},
  author = {J. M. Eastman and M. E Alfaro and P. Joyce and A. L. Hipp and L. J. Harmon},
  journal = {Evolution},
  year = {2011},
  volume = {65},
  pages = {3578-3589},
  doi = {10.1111/j.1558-5646.2011.01401.x},
}

@Article{geiger2012,
  title = {Fitting models of continuous trait evolution to incompletely sampled comparative data using approximate Bayesian computation},
  author = {G. J. Slater and L. J. Harmon and D. Wegmann and P Joyce and L. J. Revell and M. E. Alfaro},
  journal = {Evolution},
  year = {2012},
  volume = {66},
  pages = {752-762},
  doi = {10.1111/j.1558-5646.2011.01474.x},
}

@Article{geiger2008,
  title = {GEIGER: investigating evolutionary radiations},
  author = {L. J. Harmon and J. T. Weir and C. D. Brock and R. E. Glor and W. Challenger},
  journal = {Bioinformatics},
  year = {2008},
  volume = {24},
  pages = {129-131},
  doi = {10.1093/bioinformatics/btm538},
}

@Article{geiger2014,
  title = {geiger v2.0: an expanded suite of methods for fitting macroevolutionary models to phylogenetic trees},
  author = {M. W. Pennell and J. M. Eastman and G. J. Slater and J. W. Brown and J. C. Uyeda and R. G. Fitzjohn and M. E. Alfaro and L. J. Harmon},
  journal = {Bioinformatics},
  year = {2014},
  volume = {30},
  pages = {2216-2218},
  doi = {10.1093/bioinformatics/btu181},
}

@Article{geomorph2021a,
  title = {geomorph v4.0 and gmShiny: enhanced analytics and a new graphical interface for a comprehensive morphometric experience.},
  author = {E. K. Baken and M. L. Collyer and A. Kaliontzopoulou and D. C. Adams},
  year = {2021},
  journal = {Methods in Ecology and Evolution},
  volume = {12},
  pages = {2355-2363},
}

@Misc{geomorph2023a,
  title = {Geomorph: Software for geometric morphometric analyses. R package version 4.0.6},
  author = {D. C. Adams and M. L. Collyer and A. Kaliontzopoulou and E. K. Baken},
  year = {2023},
  url = { https://cran.r-project.org/package=geomorph},
}

@Misc{geomorph2023b,
  title = {{RRPP}: Linear Model Evaluation with Randomized Residuals in a Permutation Procedure, R package version 1.4.0.},
  author = {M. L. Collyer and D. C. Adams},
  year = {2023},
  url = {https://cran.r-project.org/package=RRPP},
}

@Misc{geomorph2018a,
  title = {{RRPP}: An R package for fitting linear models to high‚Äêdimensional data using residual randomization. },
  author = {M. L. Collyer and D. C. Adams},
  year = {2018},
  journal = {Methods in Ecology and Evolution},
  volume = {9},
  issue = {2},
  pages = {1772-1779},
}

@Book{knitr2015,
  title = {Dynamic Documents with {R} and knitr},
  author = {Yihui Xie},
  publisher = {Chapman and Hall/CRC},
  address = {Boca Raton, Florida},
  year = {2015},
  edition = {2nd},
  note = {ISBN 978-1498716963},
  url = {https://yihui.org/knitr/},
}

@InCollection{knitr2014,
  booktitle = {Implementing Reproducible Computational Research},
  editor = {Victoria Stodden and Friedrich Leisch and Roger D. Peng},
  title = {knitr: A Comprehensive Tool for Reproducible Research in {R}},
  author = {Yihui Xie},
  publisher = {Chapman and Hall/CRC},
  year = {2014},
  note = {ISBN 978-1466561595},
}

@Article{phytools2012,
  title = {phytools: An {R} package for phylogenetic comparative biology (and other things).},
  author = {Liam J. Revell},
  journal = {Methods in Ecology and Evolution},
  year = {2012},
  volume = {3},
  pages = {217-223},
  doi = {10.1111/j.2041-210X.2011.00169.x},
}

@Book{rmarkdown2018,
  title = {R Markdown: The Definitive Guide},
  author = {Yihui Xie and J.J. Allaire and Garrett Grolemund},
  publisher = {Chapman and Hall/CRC},
  address = {Boca Raton, Florida},
  year = {2018},
  isbn = {9781138359338},
  url = {https://bookdown.org/yihui/rmarkdown},
}

@Book{rmarkdown2020,
  title = {R Markdown Cookbook},
  author = {Yihui Xie and Christophe Dervieux and Emily Riederer},
  publisher = {Chapman and Hall/CRC},
  address = {Boca Raton, Florida},
  year = {2020},
  isbn = {9780367563837},
  url = {https://bookdown.org/yihui/rmarkdown-cookbook},
}

@Manual{RRPP2023,
  title = {{RRPP}: Linear Model Evaluation with Randomized Residuals in a Permutation Procedure. R package version 1.4.0.},
  author = {{M. L. Collyer D. C. Adams}},
  year = {2023},
  url = {https://CRAN.R-project.org/package=RRPP},
}

@Article{RRPP2018,
  title = {{RRPP}: An R package for fitting linear models to high‚Äêdimensional data using residual randomization.},
  author = {{M. L. Collyer D. C. Adams}},
  year = {2018},
  journal = {Methods in Ecology and Evolution},
  volume = {9},
  issue = {2},
  pages = {1772-1779},
  url = {https://doi.org/10.1111/2041-210X.13029},
}

@Article{scatterplot3d2003,
  title = {Scatterplot3d - an R Package for Visualizing Multivariate Data},
  author = {Uwe Ligges and Martin M{\"a}chler},
  journal = {Journal of Statistical Software},
  year = {2003},
  pages = {1--20},
  number = {11},
  volume = {8},
  doi = {10.18637/jss.v008.i11},
}

@Article{strap2015,
  title = {strap: an R package for plotting phylogenies against stratigraphy and assessing their stratigraphic congruence},
  author = {Mark A. Bell and Graeme T. Lloyd},
  journal = {Palaeontology},
  year = {2015},
  volume = {58},
  pages = {379-389},
  doi = {10.1111/pala.12142},
}

@Article{testthat2011,
  author = {Hadley Wickham},
  title = {testthat: Get Started with Testing},
  journal = {The R Journal},
  year = {2011},
  volume = {3},
  pages = {5--10},
  url = {https://journal.r-project.org/archive/2011-1/RJournal_2011-1_Wickham.pdf},
}

