@article{beckancient2014,
  title={Ancient dates or accelerated rates? {M}orphological clocks and the antiquity of placental mammals.},
  author={Beck, Robin M and Lee, Michael S},
  journal={Proceedings of the Royal Society B: Biological Sciences},
  volume={281},
  number={20141278},
  year={2014},
  pages={1-10},
  doi={10.1098/rspb.2014.1278},
  url={http://dx.doi.org/10.1098/rspb.2014.1278}
}

@article{GuillermeSTD,
  title={Mammalian morphological diversity does not increase in response to the Cretaceous-Paleogene mass extinction and the extinction of the (non-avian) dinosaurs.},
  author={Guillerme, Thomas and Cooper, Natalie},
  year={in prep.},
  url={https://github.com/TGuillerme/SpatioTemporal_Disparity/raw/master/Writing/STD_draft.pdf}
}

@article{Wills1994,
    Author = {Wills, Matthew A. and Briggs, Derek E. G. and Fortey, Richard A.},
    Cr = {Copyright \copyright  1994 Paleontological Society},
    Date = {1994/04/01},
    Date-Added = {2014-08-25 13:32:46 +0000},
    Date-Modified = {2014-08-25 13:32:46 +0000},
    Doi = {10.2307/2401014},
    Isbn = {00948373},
    Journal = {Paleobiology},
    M1 = {ArticleType: research-article / Full publication date: Spring, 1994 / Copyright {\copyright}1994 Paleontological Society},
    Month = {04},
    Number = {2},
    Pages = {93-130},
    Publisher = {Paleontological Society},
    Title = {Disparity as an Evolutionary Index: A Comparison of {C}ambrian and Recent Arthropods},
    Ty = {JOUR},
    Url = {http://www.jstor.org/stable/2401014},
    Volume = {20},
    Year = {1994},
    Bdsk-Url-1 = {http://www.jstor.org/stable/2401014},
    Bdsk-Url-2 = {http://dx.doi.org/10.2307/2401014}
}